<?xml version="1.0" encoding="UTF-8"?><collection xmlns="http://www.loc.gov/MARC21/slim"><record><leader>00596nam--2200193-u-4500</leader><controlfield tag="001">000054942</controlfield><controlfield tag="002">20161230</controlfield><controlfield tag="005">20161230201051</controlfield><controlfield tag="008">120709s1000------------r-----000-0-rus-d</controlfield><datafield ind1=" " ind2=" " tag="040"><subfield code="a">IFIN-HH</subfield></datafield><datafield ind1=" " ind2=" " tag="041"><subfield code="a">rus</subfield></datafield><datafield ind1=" " ind2=" " tag="080"><subfield code="a">539.184</subfield></datafield><datafield ind1="1" ind2=" " tag="100" /><datafield ind1="1" ind2="0" tag="245"><subfield code="a">Sbornik programm po matematiceskomu obespeceniu atominih rascetov</subfield></datafield><datafield ind1=" " ind2=" " tag="260"><subfield code="a">Vilnius</subfield><subfield code="b">Akademia Nauk Litovskoi Ssr</subfield><subfield code="c">1981, 1982, 1984</subfield></datafield><datafield ind1=" " ind2=" " tag="300"><subfield code="a">3 VOL</subfield></datafield><datafield ind1="1" ind2=" " tag="787"><subfield code="a">Vipusk 12</subfield><subfield code="h">115p</subfield><subfield code="t">Programma Vicislenia Harakteristik Elektronnih Perehodov Metodom Halojenia Konfiguratii</subfield></datafield><datafield ind1=" " ind2=" " tag="852"><subfield code="a">71777</subfield><subfield code="c">539.18</subfield></datafield><datafield ind1=" " ind2=" " tag="CAT"><subfield code="a">Sys</subfield><subfield code="c">20120709</subfield><subfield code="h">150414</subfield></datafield></record></collection>